@misc{tensile-test:2012,
  title        = {Tensile Test},
  howpublished = {\url{http://www.engineeringarchives.com/les_mom_tensiletest.html}},
  note         = {Accessed: 2020-03-16},
  year         = {2012}
}

@software{matlab:2020,
  author       = {MathWorks},
  title        = {\texttt{MATLAB}},
  url          = {https://www.mathworks.com/products/matlab.html},
  version      = {9.9; R2020b},
  entrysubtype = {Computer software},
  publisher    = {MathWorks},
  location     = {Natick, Massachusetts, USA},
  year         = {2020}
}