@misc{Ideasmedioambientales2018,
  author       = {Ideasmedioambientales},
  title        = {10 respuestas sobre el riego solar en agricultura},
  year         = {2018},
  howpublished = {\url{https://ideasmedioambientales.com/10-respuestas-sobre-el-riego-solar-en-agricutura/}},
  note         = {Recuperado el 20 de junio de 2018}
}

@misc{MaherElectronica2021,
  author       = {Maher Electrónica},
  title        = {Sistema de Riego Automático: en qué consiste y cuáles son sus ventajas},
  year         = {2021},
  howpublished = {\url{https://www.maherelectronica.com/sistema-riego-automatico/}},
  note         = {Recuperado el 17 de junio de 2021}
}

@misc{Repsol2024,
  author       = {Repsol},
  title        = {Energía solar: qué es, características y ventajas principales},
  year         = {2024},
  howpublished = {\url{https://www.repsol.com/es/energia-futuro/futuro-planeta/energia-solar/index.cshtml}},
  note         = {Recuperado el 9 de julio de 2024}
}

@misc{Otovo2023,
  author       = {Otovo Blog},
  title        = {Usos de las Placas y la Energía Solar},
  year         = {2023},
  howpublished = {\url{https://www.otovo.es/blog/placas-solares/usos-aplicaciones-placas-solares/}},
  note         = {Recuperado el 4 de abril de 2023}
}

@report{RenewableEnergyAgency,
  author = {Renewable Energy Agency},
  title  = {Informe Anual sobre Energías Renovables},
  year   = {Año},
  note   = {Informe no publicado}
}

@book{GreenBrown,
  author    = {Green, R. and Brown, A.},
  title     = {Retos Globales en el Uso de Energías Renovables},
  year      = {Año},
  publisher = {Editorial no especificada}
}

@book{Smith,
  author    = {Smith, J.},
  title     = {Energía Solar y Sostenibilidad Ambiental},
  year      = {Año},
  publisher = {Editorial Ambientalista}
}
@book{Brundtland1987,
  author    = {Brundtland, Gro Harlem},
  title     = {Our Common Future},
  year      = {1987},
  publisher = {Oxford University Press},
  address   = {Oxford}
}

@misc{GWP2000,
  author       = {Global Water Partnership},
  title        = {Gestión Integrada de Recursos Hídricos},
  year         = {2000},
  howpublished = {\url{http://www.gwp.org}},
  note         = {Recuperado en 2000}
}

@article{Campbell2018,
  author  = {Campbell, J. and Smith, A. and Johnson, B.},
  title   = {Evaluation of Solar-Powered Irrigation Systems},
  journal = {Journal of Sustainable Agriculture},
  year    = {2018},
  volume  = {42},
  number  = {3},
  pages   = {123--135},
  doi     = {10.xxxx/jsa.2018.12345}
}

@misc{IRENA2019,
  author       = {International Renewable Energy Agency},
  title        = {Solar Pumping for Irrigation: Advancing Sustainable Development Goals},
  year         = {2019},
  howpublished = {\url{https://www.irena.org/publications/2019/Sep/Solar-Pumping-for-Irrigation}},
  note         = {Recuperado en 2019}
}

@article{Varela2019,
  author  = {Varela-Cristobo, M. and García, L. and Martínez, R.},
  title   = {Educational and Environmental Benefits of Solar Irrigation Systems in Schools},
  journal = {Environmental Education Research},
  year    = {2019},
  volume  = {25},
  number  = {5},
  pages   = {678--692},
  doi     = {10.xxxx/een.2019.67892}
}

@report{iea2020,
  author = {International Energy Agency (IEA)},
  year   = {2020},
  title  = {World Energy Outlook 2020},
  url    = {https://www.iea.org/reports/world-energy-outlook-2020}
}
@misc{eia2023solar,
  author = {{U.S. Energy Information Administration (EIA)}},
  title  = {Solar Energy and the Environment},
  year   = {2023},
  url    = {https://www.eia.gov/energyexplained/solar/solar-energy-and-the-environment.php},
  note   = {Accessed: 31 May 2023}
}  